<record><leader>02123cam a22005297i 4500</leader><controlfield tag="001">6798985</controlfield><controlfield tag="003">OCoLC</controlfield><controlfield tag="005">20150122072625.1</controlfield><controlfield tag="006">m     o  d        </controlfield><controlfield tag="007">cr |n|||||||||</controlfield><controlfield tag="008">150105s2015    enka    ob    001 0 eng d</controlfield><datafield ind1=" " ind2=" " tag="020"><subfield code="a">1784500607</subfield><subfield code="q">electronic bk.</subfield></datafield><datafield ind1=" " ind2=" " tag="020"><subfield code="a">9781784500603</subfield><subfield code="q">electronic bk.</subfield></datafield><datafield ind1=" " ind2=" " tag="020"><subfield code="z">1849057877</subfield><subfield code="q">paperback</subfield></datafield><datafield ind1=" " ind2=" " tag="020"><subfield code="z">9781849057875</subfield><subfield code="q">paperback</subfield></datafield><datafield ind1=" " ind2=" " tag="037"><subfield code="a">924078</subfield><subfield code="b">EBSCO</subfield></datafield><datafield ind1=" " ind2=" " tag="039"><subfield code="a">exclude</subfield></datafield><datafield ind1=" " ind2=" " tag="040"><subfield code="a">CaONFJC</subfield><subfield code="c">CaONFJC</subfield><subfield code="e">rda</subfield><subfield code="d">AEU</subfield></datafield><datafield ind1=" " ind2="4" tag="050"><subfield code="a">RC553.A88</subfield><subfield code="b">R54 2015</subfield></datafield><datafield ind1=" " ind2="4" tag="060"><subfield code="a">WM 203.5</subfield></datafield><datafield ind1=" " ind2="7" tag="072"><subfield code="a">HEA</subfield><subfield code="x">039000</subfield><subfield code="2">bisacsh</subfield></datafield><datafield ind1=" " ind2="7" tag="072"><subfield code="a">MED</subfield><subfield code="x">014000</subfield><subfield code="2">bisacsh</subfield></datafield><datafield ind1=" " ind2="7" tag="072"><subfield code="a">MED</subfield><subfield code="x">022000</subfield><subfield code="2">bisacsh</subfield></datafield><datafield ind1=" " ind2="7" tag="072"><subfield code="a">MED</subfield><subfield code="x">112000</subfield><subfield code="2">bisacsh</subfield></datafield><datafield ind1=" " ind2="7" tag="072"><subfield code="a">MED</subfield><subfield code="x">045000</subfield><subfield code="2">bisacsh</subfield></datafield><datafield ind1="0" ind2="4" tag="082"><subfield code="a">616.85/88200842</subfield><subfield code="2">23</subfield></datafield><datafield ind1=" " ind2=" " tag="090"><subfield code="a">Internet Access</subfield><subfield code="b">AEU</subfield></datafield><datafield ind1="1" ind2=" " tag="100"><subfield code="a">Rigler, Michelle,</subfield><subfield code="e">author.</subfield></datafield><datafield ind1="1" ind2="0" tag="245"><subfield code="a">Independence, social, and study strategies for young adults with autism spectrum disorder</subfield><subfield code="h">[electronic resource] :</subfield><subfield code="b">the BASICS college curriculum /</subfield><subfield code="c">Michelle Rigler, Amy Rutherford and Emily Quinn.</subfield></datafield><datafield ind1=" " ind2="1" tag="264"><subfield code="a">London ;</subfield><subfield code="a">Philadelphia :</subfield><subfield code="b">Jessica Kingsley Publishers,</subfield><subfield code="c">[2015]</subfield></datafield><datafield ind1=" " ind2=" " tag="300"><subfield code="a">1 online resource.</subfield></datafield><datafield ind1=" " ind2=" " tag="336"><subfield code="a">text</subfield><subfield code="b">txt</subfield><subfield code="2">rdacontent</subfield></datafield><datafield ind1=" " ind2=" " tag="337"><subfield code="a">computer</subfield><subfield code="b">c</subfield><subfield code="2">rdamedia</subfield></datafield><datafield ind1=" " ind2=" " tag="338"><subfield code="a">online resource</subfield><subfield code="b">cr</subfield><subfield code="2">rdacarrier</subfield></datafield><datafield ind1=" " ind2=" " tag="504"><subfield code="a">Includes bibliographical references and index.</subfield></datafield><datafield ind1=" " ind2=" " tag="588"><subfield code="a">Description based on print version record.</subfield></datafield><datafield ind1=" " ind2=" " tag="596"><subfield code="a">44</subfield></datafield><datafield ind1=" " ind2="0" tag="650"><subfield code="a">Autism spectrum disorders</subfield><subfield code="x">Patients</subfield><subfield code="v">Life skills guides.</subfield></datafield><datafield ind1=" " ind2="0" tag="650"><subfield code="a">Young adults</subfield><subfield code="v">Life skills guides.</subfield></datafield><datafield ind1=" " ind2="0" tag="650"><subfield code="a">Autistic people</subfield><subfield code="v">Life skills guides.</subfield></datafield><datafield ind1=" " ind2="2" tag="650"><subfield code="a">Child Development Disorders, Pervasive.</subfield></datafield><datafield ind1=" " ind2="2" tag="650"><subfield code="a">Young Adult.</subfield></datafield><datafield ind1="1" ind2=" " tag="700"><subfield code="a">Rutherford, Amy,</subfield><subfield code="e">author.</subfield></datafield><datafield ind1="1" ind2=" " tag="700"><subfield code="a">Quinn, Emily,</subfield><subfield code="e">author.</subfield></datafield><datafield ind1="4" ind2="0" tag="856"><subfield code="3">University of Alberta Access</subfield><subfield code="u">http://search.ebscohost.com/login.aspx?direct=true&amp;scope=site&amp;db=nlebk&amp;db=nlabk&amp;AN=924078</subfield><subfield code="x">Limited to 365 Uses Per Calendar Year</subfield><subfield code="z">(Unlimited Concurrent Users)</subfield></datafield><datafield ind1=" " ind2=" " tag="949"><subfield code="h">UAIN</subfield><subfield code="z">PDAOWNED</subfield></datafield><datafield ind1=" " ind2=" " tag="926"><subfield code="a">Internet Access</subfield><subfield code="w">LC</subfield><subfield code="c">1</subfield><subfield code="i">6798985-1001</subfield><subfield code="l">INTERNET</subfield><subfield code="m">UAINTERNET</subfield><subfield code="r">Y</subfield><subfield code="s">Y</subfield><subfield code="t">E-RESOURCE</subfield><subfield code="u">2/4/2015</subfield><subfield code="x">E-BOOK</subfield><subfield code="z">PDAOWNED</subfield></datafield></record>